@article{3,
  title={Mass-spectrometry-based metabolomics: limitations and recommendations for future progress with particular focus on nutrition research},
  author={Scalbert, Augustin and Brennan, Lorraine and Fiehn, Oliver and Hankemeier, Thomas and Kristal, Bruce S and van Ommen, Ben and Pujos-Guillot, Estelle and Verheij, Elwin and Wishart, David and Wopereis, Suzan},
  journal={Metabolomics},
  volume={5},
  pages={435--458},
  year={2009},
  publisher={Springer}
}


@article{4,
  title={NMR spectroscopy for metabolomics research},
  author={Emwas, Abdul-Hamid and Roy, Raja and McKay, Ryan T and Tenori, Leonardo and Saccenti, Edoardo and Gowda, GA Nagana and Raftery, Daniel and Alahmari, Fatimah and Jaremko, Lukasz and Jaremko, Mariusz and others},
  journal={Metabolites},
  volume={9},
  number={7},
  pages={123},
  year={2019},
  publisher={MDPI}
}

@article{5,
  title={Global metabolic profiling of animal and human tissues via UPLC-MS},
  author={Want, Elizabeth J and Masson, Perrine and Michopoulos, Filippos and Wilson, Ian D and Theodoridis, Georgios and Plumb, Robert S and Shockcor, John and Loftus, Neil and Holmes, Elaine and Nicholson, Jeremy K},
  journal={Nature protocols},
  volume={8},
  number={1},
  pages={17--32},
  year={2013},
  publisher={Nature Publishing Group}
}

@article{6,
  title={Principal component analysis: a review and recent developments},
  author={Jolliffe, Ian T and Cadima, Jorge},
  journal={Philosophical transactions of the royal society A: Mathematical, Physical and Engineering Sciences},
  volume={374},
  number={2065},
  pages={20150202},
  year={2016},
  publisher={the Royal Society publishing}
}

@article{7,
  title={OPLS discriminant analysis: combining the strengths of PLS-DA and SIMCA classification},
  author={Bylesj{\"o}, Max and Rantalainen, Mattias and Cloarec, Olivier and Nicholson, Jeremy K and Holmes, Elaine and Trygg, Johan},
  journal={Journal of Chemometrics: A Journal of the Chemometrics Society},
  volume={20},
  number={8-10},
  pages={341--351},
  year={2006},
  publisher={Wiley Online Library}
}


@article{8,
  title={The KEGG resource for deciphering the genome},
  author={Kanehisa, Minoru and Goto, Susumu and Kawashima, Shuichi and Okuno, Yasushi and Hattori, Masahiro},
  journal={Nucleic acids research},
  volume={32},
  number={suppl\_1},
  pages={D277--D280},
  year={2004},
  publisher={Oxford University Press}
}


@article{9,
  title={Statistical significance for genomewide studies},
  author={Storey, John D and Tibshirani, Robert},
  journal={Proceedings of the National Academy of Sciences},
  volume={100},
  number={16},
  pages={9440--9445},
  year={2003},
  publisher={National Acad Sciences}
}

@article{10,
  title={Metabonomics in toxicology: a review},
  author={Robertson, Donald G},
  journal={Toxicological sciences},
  volume={85},
  number={2},
  pages={809--822},
  year={2005},
  publisher={Oxford University Press}
}

@article{11,
  title={Metabolomic applications in nutritional research: a perspective},
  author={O'Gorman, Aoife and Brennan, Lorraine},
  journal={Journal of the Science of Food and Agriculture},
  volume={95},
  number={13},
  pages={2567--2570},
  year={2015},
  publisher={Wiley Online Library}
}


@article{12,
  title={Integrated omics: tools, advances and future approaches},
  author={Misra, Biswapriya B and Langefeld, Carl and Olivier, Michael and Cox, Laura A},
  journal={Journal of molecular endocrinology},
  volume={62},
  number={1},
  pages={R21--R45},
  year={2019},
  publisher={Bioscientifica Ltd}
}